%% This BibTeX bibliography file was created using BibDesk.
%% http://bibdesk.sourceforge.net/

%% Created for Stephen Roberts at 2014-11-08 13:58:09 +0000 


%% Saved with string encoding Unicode (UTF-8) 



@article{birnbaum:2000aa,
	Adsnote = {Provided by the SAO/NASA Astrophysics Data System},
	Adsurl = {http://adsabs.harvard.edu/abs/2000PhT....53a..38B},
	Author = {{Birnbaum}, J. and {Williams}, R.~S.},
	Date-Added = {2014-11-08 13:57:55 +0000},
	Date-Modified = {2014-11-08 13:57:57 +0000},
	Doi = {10.1063/1.882936},
	Journal = {Physics Today},
	Month = jan,
	Number = 1,
	Pages = {38-42},
	Title = {{Physics and the information revolution}},
	Volume = 53,
	Year = 2000,
	Bdsk-Url-1 = {http://dx.doi.org/10.1063/1.882936}}

@inproceedings{huang:2009aa,
	Author = {Huang, S. and Xiao, S. and Feng, W.},
	Booktitle = {Parallel Distributed Processing, 2009. IPDPS 2009. IEEE International Symposium on},
	Date-Added = {2014-09-01 15:52:51 +0000},
	Date-Modified = {2014-09-01 15:52:52 +0000},
	Doi = {10.1109/IPDPS.2009.5160980},
	Issn = {1530-2075},
	Keywords = {microprocessor chips;parallel processing;power aware computing;power consumption;biological code;computational accelerator;energy consumption;energy efficiency;energy-delay product;graphics processing units;high-end computing;nongreen computing solution;parallel code execution time;power consumption;scientific computing;Acceleration;Biological information theory;Biology computing;Central Processing Unit;Computer graphics;Electrostatics;Energy consumption;Energy efficiency;Scientific computing;Space exploration},
	Month = {May},
	Pages = {1-8},
	Title = {On the energy efficiency of graphics processing units for scientific computing},
	Year = {2009},
	Bdsk-Url-1 = {http://dx.doi.org/10.1109/IPDPS.2009.5160980}}

@inproceedings{heinecke:2013aa,
	Author = {Heinecke, A and Vaidyanathan, K. and Smelyanskiy, M. and Kobotov, A and Dubtsov, R. and Henry, G. and Shet, AG. and Chrysos, G. and Dubey, P.},
	Booktitle = {Parallel Distributed Processing (IPDPS), 2013 IEEE 27th International Symposium on},
	Date-Added = {2014-09-01 15:46:01 +0000},
	Date-Modified = {2014-09-02 07:27:58 +0000},
	Doi = {10.1109/IPDPS.2013.113},
	Issn = {1530-2075},
	Month = {May},
	Pages = {126-137},
	Title = {Design and Implementation of the Linpack Benchmark for Single and Multi-node Systems Based on Intel Xeon Phi Coprocessor},
	Year = {2013},
	Bdsk-Url-1 = {http://dx.doi.org/10.1109/IPDPS.2013.113}}

@inproceedings{choi:2013aa,
	Author = {Choi, Jee Whan and Bedard, Daniel and Fowler, Robert and Vuduc, Richard},
	Booktitle = {Parallel \& Distributed Processing (IPDPS), 2013 IEEE 27th International Symposium on},
	Date-Added = {2014-09-01 14:59:46 +0000},
	Date-Modified = {2014-09-01 15:00:09 +0000},
	Organization = {IEEE},
	Pages = {661--672},
	Title = {A Roofline Model of Energy},
	Year = {2013}}

@article{brochard:2010ab,
	Author = {Brochard, Luigi and Panda, Raj and Vemuganti, Sid},
	Date-Added = {2014-09-01 14:56:37 +0000},
	Date-Modified = {2014-09-01 14:56:45 +0000},
	Doi = {10.1007/s00450-010-0123-3},
	Issn = {1865-2034},
	Journal = {Computer Science - Research and Development},
	Keywords = {Energy; Performance; Power consumption; POWER7},
	Language = {English},
	Number = {3-4},
	Pages = {135-140},
	Publisher = {Springer-Verlag},
	Title = {Optimizing performance and energy of HPC applications on POWER7},
	Url = {http://dx.doi.org/10.1007/s00450-010-0123-3},
	Volume = {25},
	Year = {2010},
	Bdsk-Url-1 = {http://dx.doi.org/10.1007/s00450-010-0123-3}}

@inproceedings{chen:2010aa,
	Acmid = {1772963},
	Address = {New York, NY, USA},
	Author = {Chen, Dehao and Vachharajani, Neil and Hundt, Robert and Liao, Shih-wei and Ramasamy, Vinodha and Yuan, Paul and Chen, Wenguang and Zheng, Weimin},
	Booktitle = {Proceedings of the 8th Annual IEEE/ACM International Symposium on Code Generation and Optimization},
	Date-Added = {2014-08-29 00:08:31 +0000},
	Date-Modified = {2014-08-29 00:08:32 +0000},
	Doi = {10.1145/1772954.1772963},
	Isbn = {978-1-60558-635-9},
	Keywords = {feedback-directed optimization, performance counters, sampling profile},
	Location = {Toronto, Ontario, Canada},
	Numpages = {11},
	Pages = {42--52},
	Publisher = {ACM},
	Series = {CGO '10},
	Title = {Taming Hardware Event Samples for FDO Compilation},
	Url = {http://0-doi.acm.org.pugwash.lib.warwick.ac.uk/10.1145/1772954.1772963},
	Year = {2010},
	Bdsk-Url-1 = {http://0-doi.acm.org.pugwash.lib.warwick.ac.uk/10.1145/1772954.1772963},
	Bdsk-Url-2 = {http://dx.doi.org/10.1145/1772954.1772963}}

@article{levon:2004aa,
	Author = {Levon, John},
	Date-Added = {2014-08-28 23:44:46 +0000},
	Date-Modified = {2014-08-28 23:44:47 +0000},
	Journal = {Victoria University of Manchester},
	Title = {OProfile manual},
	Year = {2004}}

@book{intel-corporation:2013aa,
	Author = {{Intel Corporation}},
	Date-Added = {2014-08-28 10:14:56 +0000},
	Date-Modified = {2014-08-28 10:15:05 +0000},
	Keywords = {intel architecture manual},
	Month = {September},
	Number = {325462-048US},
	Title = {{Intel\textsuperscript{\textregistered} 64 and IA-32 Architectures Software Developer's Manual}},
	Year = {2013}}

@article{hahnel:2012aa,
	Author = {H{\"a}hnel, Marcus and D{\"o}bel, Bj{\"o}rn and V{\"o}lp, Marcus and H{\"a}rtig, Hermann},
	Date-Added = {2014-08-26 12:38:27 +0000},
	Date-Modified = {2014-08-26 12:38:38 +0000},
	Journal = {ACM SIGMETRICS Performance Evaluation Review},
	Keywords = {rapl rate short},
	Number = {3},
	Pages = {13--17},
	Publisher = {ACM},
	Title = {Measuring energy consumption for short code paths using RAPL},
	Volume = {40},
	Year = {2012}}

@book{oppenheim:1989aa,
	Author = {Oppenheim, Alan V and Schafer, Ronald W and Buck, John R and others},
	Date-Added = {2014-08-26 12:32:53 +0000},
	Date-Modified = {2014-09-01 15:52:09 +0000},
	Keywords = {nyquist},
	Publisher = {Prentice-hall Englewood Cliffs},
	Title = {Discrete-time signal processing},
	Volume = {2},
	Year = {1989}}

@misc{hewlett-packard:2004aa,
	Author = {Hewlett-Packard, Intel},
	Date-Added = {2014-08-26 12:25:22 +0000},
	Date-Modified = {2014-08-26 12:26:49 +0000},
	Keywords = {ACPI},
	Title = {Microsoft, Phoenix, and Toshiba. Advanced configuration and power interface specification},
	Year = {2004}}

@inproceedings{david:2010aa,
	Author = {David, Howard and Gorbatov, Eugene and Hanebutte, Ulf R and Khanna, Rahul and Le, Christian},
	Booktitle = {Low-Power Electronics and Design (ISLPED), 2010 ACM/IEEE International Symposium on},
	Date-Added = {2014-08-26 12:19:34 +0000},
	Date-Modified = {2014-08-26 12:19:41 +0000},
	Keywords = {rapl origin},
	Organization = {IEEE},
	Pages = {189--194},
	Title = {RAPL: memory power estimation and capping},
	Year = {2010}}

@book{golub:2012aa,
	Author = {Golub, Gene H and Van Loan, Charles F},
	Date-Added = {2014-08-26 00:10:08 +0000},
	Date-Modified = {2014-08-26 12:19:31 +0000},
	Keywords = {regression gauss-siedel},
	Publisher = {JHU Press},
	Title = {{Matrix Computations}},
	Volume = {3},
	Year = {2012}}

@inproceedings{laros-iii:2012aa,
	Author = {Laros III, James H and Pedretti, Kevin T and Kelly, Suzanne M and Shu, Wei and Vaughan, Courtenay T},
	Booktitle = {Proceedings of the 2012 Symposium on High Performance Computing},
	Date-Added = {2014-08-25 22:53:13 +0000},
	Date-Modified = {2014-08-25 22:53:23 +0000},
	Keywords = {per-code model},
	Organization = {Society for Computer Simulation International},
	Pages = {6},
	Title = {{Energy Based Performance Tuning for Large Scale High Performance Computing Systems}},
	Year = {2012}}

@inproceedings{mucci:1999aa,
	Author = {Mucci, Philip J and Browne, Shirley and Deane, Christine and Ho, George},
	Booktitle = {Proceedings of the Department of Defense HPCMP Users Group Conference},
	Date-Added = {2014-08-25 21:52:58 +0000},
	Date-Modified = {2014-08-25 21:53:05 +0000},
	Keywords = {PAPI},
	Pages = {7--10},
	Title = {PAPI: A portable interface to hardware performance counters},
	Year = {1999}}

@inproceedings{contreras:2005aa,
	Author = {Contreras, G. and Martonosi, M.},
	Booktitle = {Low Power Electronics and Design, 2005. ISLPED '05. Proceedings of the 2005 International Symposium on},
	Date-Added = {2014-08-25 19:12:09 +0000},
	Date-Modified = {2014-08-25 19:12:10 +0000},
	Doi = {10.1109/LPE.2005.195518},
	Keywords = {Java;embedded systems;microprocessor chips;parameter estimation;performance evaluation;power consumption;CPU power consumption;Intel PXA255 processor;Intel XScale{\textregistered} processor;Java CDC programming;Java CLDC programming;SPEC2000 programming;dynamic voltage/frequency scaling environment;hardware performance counter;linear power estimation model;memory power consumption;parameter estimation technique;performance monitoring unit event;power estimation scheme;power prediction;power weight;power-aware embedded system;run-time CPU;Counting circuits;Dynamic voltage scaling;Energy consumption;Frequency estimation;Hardware;Java;Monitoring;Parameter estimation;Runtime;Testing},
	Month = {Aug},
	Pages = {221-226},
	Title = {Power prediction for Intel XScale reg; processors using performance monitoring unit events},
	Year = {2005},
	Bdsk-Url-1 = {http://dx.doi.org/10.1109/LPE.2005.195518}}

@inproceedings{do:2009aa,
	Author = {Do, Thanh and Rawshdeh, Suhib and Shi, Weisong},
	Booktitle = {Proceedings of the 2nd Workshop on Power Aware Computing and Systems (HotPower'09)},
	Date-Added = {2014-08-25 19:06:26 +0000},
	Date-Modified = {2014-08-25 19:06:32 +0000},
	Keywords = {ptop},
	Title = {ptop: A process-level power profiling tool},
	Year = {2009}}

@inproceedings{von-laszewski:2009aa,
	Author = {Von Laszewski, Gregor and Wang, Lizhe and Younge, Andrew J and He, Xi},
	Booktitle = {Cluster Computing and Workshops, 2009. CLUSTER'09. IEEE International Conference on},
	Date-Added = {2014-08-25 17:15:15 +0000},
	Date-Modified = {2014-08-25 17:16:01 +0000},
	Keywords = {power model},
	Organization = {IEEE},
	Pages = {1--10},
	Title = {Power-aware scheduling of virtual machines in dvfs-enabled clusters},
	Year = {2009}}

@misc{devices:2009aa,
	Author = {Devices, Electronic Educational},
	Date-Added = {2014-08-25 14:06:41 +0000},
	Date-Modified = {2014-08-25 14:18:04 +0000},
	Keywords = {watts up pro},
	Title = {Watts up PRO Datasheet},
	Year = {2009}}

@inproceedings{kamil:2005aa,
	Author = {Kamil, Shoaib and Husbands, Parry and Oliker, Leonid and Shalf, John and Yelick, Katherine},
	Booktitle = {Proceedings of the 2005 workshop on Memory system performance},
	Date-Added = {2014-08-25 13:00:40 +0000},
	Date-Modified = {2014-08-25 13:00:48 +0000},
	Keywords = {Cache blocking},
	Organization = {ACM},
	Pages = {36--43},
	Title = {Impact of modern memory subsystems on cache optimizations for stencil computations},
	Year = {2005}}

@inproceedings{kurd:2014aa,
	Author = {Kurd, Nasser and Chowdhury, Muntaquim and Burton, Edward and Thomas, Thomas P and Mozak, Christopher and Boswell, Brent and Lal, Manoj and Deval, Anant and Douglas, Jonathan and Elassal, Mahmoud and others},
	Booktitle = {Solid-State Circuits Conference Digest of Technical Papers (ISSCC), 2014 IEEE International},
	Date-Added = {2014-08-25 12:46:35 +0000},
	Date-Modified = {2014-08-25 12:46:50 +0000},
	Keywords = {intel haswell cpu design},
	Organization = {IEEE},
	Pages = {112--113},
	Title = {5.9 Haswell: A family of IA 22nm processors},
	Year = {2014}}

@inproceedings{barnette:2012aa,
	Author = {Barnette, Daniel W and Barrett, Richard F and Hammond, Simon D and Jayaraj, Jagan and Laros III, James H},
	Booktitle = {51st AIAA Aerospace Sciences Meeting including the New Horizons Forum and Aerospace Exposition},
	Date-Added = {2014-08-22 15:01:45 +0000},
	Date-Modified = {2014-08-22 15:01:58 +0000},
	Keywords = {mantevo miniapp hammond},
	Title = {Using miniapplications in a Mantevo framework for optimizing Sandia's SPARC CFD code on multi-core, many-core, and GPU-accelerated compute platforms},
	Year = {2012}}

@inproceedings{broomhead:2009aa,
	Author = {Broomhead, Timothy and Ridoux, Julien and Veitch, Darryl},
	Booktitle = {Precision Clock Synchronization for Measurement, Control and Communication, 2009. ISPCS 2009. International Symposium on},
	Date-Added = {2014-08-22 14:54:19 +0000},
	Date-Modified = {2014-08-22 14:55:05 +0000},
	Keywords = {timer rtsc clock high resolution timers unix rtc},
	Organization = {IEEE},
	Pages = {1--6},
	Title = {Counter availability and characteristics for feed-forward based synchronization},
	Year = {2009}}

@article{plimpton:2007aa,
	Author = {Plimpton, S and Crozier, P and Thompson, A},
	Date-Added = {2014-08-22 13:32:59 +0000},
	Date-Modified = {2014-08-22 13:33:28 +0000},
	Journal = {Sandia National Laboratories},
	Keywords = {Miniapp LAMMPS},
	Title = {LAMMPS-large-scale atomic/molecular massively parallel simulator},
	Year = {2007}}

@inproceedings{shao:2013aa,
	Author = {Shao, Y.S. and Brooks, D.},
	Booktitle = {Low Power Electronics and Design (ISLPED), 2013 IEEE International Symposium on},
	Date-Added = {2014-08-13 14:20:07 +0000},
	Date-Modified = {2014-11-08 13:57:48 +0000},
	Doi = {10.1109/ISLPED.2013.6629328},
	Keywords = {benchmark testing;energy consumption;microprocessor chips;multi-threading;multiprocessing systems;power aware computing;Intel Xeon Phi processor;Linpack code;Xeon Phi software developers;commercial manycore multithread x86-based processor;energy characterization;energy efficiency;energy-efficient software;high performance computing processors;high-level energy model;instruction-level energy model;processor energy consumption;Bandwidth;Computational modeling;Prefetching;Radiation detectors;Vectors;Energy Characterization;Instruction-Level Energy Model;Xeon Phi},
	Month = {Sept},
	Pages = {389-394},
	Title = {Energy characterization and instruction-level energy model of Intel's Xeon Phi processor},
	Year = {2013},
	Bdsk-Url-1 = {http://dx.doi.org/10.1109/ISLPED.2013.6629328}}

@incollection{shalf:2011aa,
	Author = {Shalf, John and Dosanjh, Sudip and Morrison, John},
	Booktitle = {High Performance Computing for Computational Science -- VECPAR 2010},
	Date-Added = {2014-08-13 12:24:21 +0000},
	Date-Modified = {2014-08-13 12:24:22 +0000},
	Doi = {10.1007/978-3-642-19328-6_1},
	Editor = {Palma, Jos{\'e}M.LaginhaM. and Dayd{\'e}, Michel and Marques, Osni and Lopes, Jo{\~a}oCorreia},
	Isbn = {978-3-642-19327-9},
	Keywords = {Exascale; HPC; codesign},
	Language = {English},
	Pages = {1-25},
	Publisher = {Springer Berlin Heidelberg},
	Series = {Lecture Notes in Computer Science},
	Title = {Exascale Computing Technology Challenges},
	Url = {http://dx.doi.org/10.1007/978-3-642-19328-6_1},
	Volume = {6449},
	Year = {2011},
	Bdsk-Url-1 = {http://dx.doi.org/10.1007/978-3-642-19328-6_1}}

@article{hackenberg:2013aa,
	Address = {Los Alamitos, CA, USA},
	Author = {Daniel Hackenberg and Thomas Ilsche and Robert Schone and Daniel Molka and Maik Schmidt and Wolfgang E. Nagel},
	Date-Modified = {2014-08-13 12:24:52 +0000},
	Doi = {http://doi.ieeecomputersociety.org/10.1109/ISPASS.2013.6557170},
	Isbn = {978-1-4673-5776-0},
	Journal = {2014 IEEE International Symposium on Performance Analysis of Systems and Software (ISPASS)},
	Keywords = {RAPL PAPI Watts},
	Pages = {194-204},
	Publisher = {IEEE Computer Society},
	Title = {Power measurement techniques on standard compute nodes: A quantitative comparison},
	Volume = {0},
	Year = {2013},
	Bdsk-Url-1 = {http://doi.ieeecomputersociety.org/10.1109/ISPASS.2013.6557170}}
